@misc{lee2025co2sensor,
  author = {Dongwook Lee},
  title = {호흡 모니터링을 위한 저전력 고속 웨어러블 이산화탄소 센서 개발},
  howpublished = {KAIST News, Online},
  month = mar,
  year = {2025},
  note = {Accessed: Jun. 19, 2025},
  url = {https://times.kaist.ac.kr/news/articleView.html?idxno=22164}
}

@misc{lee2023wheezing,
  author = {Sangchul Lee},
  title = {≪후생신보≫ AI로 ‘쌕쌕’거리는 숨소리 ‘천명음’ 찾는다},
  howpublished = {Whosaeng News, Online},
  month = feb,
  year = {2023},
  note = {Accessed: Jun. 19, 2025},
  url = {https://www.whosaeng.com/141894}
}

@misc{kim2024sleepbreath,
  author = {Bogeun Kim},
  title = {내 숨소리만으로, 깊고 또 얕은 잠의 세계를 엿보다 [건강한겨레]},
  howpublished = {Hankyoreh, Online},
  month  = oct,
  year = {2024},
  note = {Accessed: Jun. 19, 2025},
  url = {https://www.hani.co.kr/arti/hanihealth/pharm/1164273.html}
}
